@Article{pmid15749092,
   author="Kusiak, A.  and Dixon, B.  and Shah, S. ",
   title="{{P}redicting survival time for kidney dialysis patients: a data mining approach}",
   journal="Comput. Biol. Med.",
   year="2005",
   volume="35",
   number="4",
   pages="311--327",
   month="May",
   doi={10.1016/j.compbiomed.2004.02.004}
}

@inproceedings{bellazziintelligent,
  title={Intelligent Data Analysis techniques for Quality assessment of hemodialysis services},
  author={Bellazzi, Riccardo and Larizza, Cristiana and Magni, Paolo and Bellazzi, Roberto and Cetta, Susanna},
  booktitle="Proc. of the Workshop on Intelligent Data Analysis and Pharmacology",
  year="2001"
}